<?xml version="1.0" encoding="UTF-8"?><record xmlns="http://www.loc.gov/MARC21/slim" xmlns:cinclude="http://apache.org/cocoon/include/1.0" xmlns:zs="http://www.loc.gov/zing/srw/">
  <leader>00527nz  a2200145n  4500</leader>
  <controlfield tag="001">no2008185295</controlfield>
  <controlfield tag="003">DLC</controlfield>
  <controlfield tag="005">20081218081526.0</controlfield>
  <controlfield tag="008">081216n| acannaabn          |n aaa     c</controlfield>
  <datafield tag="010" ind1=" " ind2=" ">
    <subfield code="a">no2008185295</subfield>
  </datafield>
  <datafield tag="035" ind1=" " ind2=" ">
    <subfield code="a">(OCoLC)oca07966457</subfield>
  </datafield>
  <datafield tag="040" ind1=" " ind2=" ">
    <subfield code="a">MiFliG</subfield>
    <subfield code="b">eng</subfield>
    <subfield code="c">MiFliG</subfield>
  </datafield>
  <datafield tag="100" ind1="1" ind2=" ">
    <subfield code="a">Yang, Philip M.</subfield>
  </datafield>
  <datafield tag="670" ind1=" " ind2=" ">
    <subfield code="a">Nonlinear steady flow forces of hydraulic valves, 1965:</subfield>
    <subfield code="b">cover (Philip M. Yang, Instructor, Wentworth Institute, Boston, Mass.)</subfield>
  </datafield>
  <datafield tag="670" ind1=" " ind2=" ">
    <subfield code="a">OCLC, Dec. 16, 2008</subfield>
    <subfield code="b">(hdg.: Yang, Philip M.; Yang, Philip M-Y; usage: Philip M. Yang)</subfield>
  </datafield>
</record>